@Book{kahneman,
 author    = "Kahneman, D.",
 publisher = "Farrar, Straus and Giroux",
 title     = "Thinking, Fast and Slow",
 year      = 2011
}

@Book{cialdini,
 author    = "Cialdini, R.B.",
 publisher = "Harper Business",
 title     = "Influence: The Psychology of Persuasion",
 year      = 2006
}

@Book{almanack,
 author    = "Kaufman, P.D. and Wexler, E. and Buffett, W.E. and Munger, C.T.",
 publisher = "Walsworth Publishing Company",
 title     = "Poor Charlie's Almanack: The Wit and Wisdom of Charles T. Munger",
 year      = 2005
}

@Book{intelligentInvestor,
 author    = "Graham, B.",
 publisher = "Harper Business",
 title     = "The Intelligent Investor",
 year      = 2003
}

@article{kelly,
 author = {Kelly, J.L.},
 title = {{A New Interpretation of Information Rate}},
 journal = {Bell System Technical Journal},
 year = {1956},
 volume = {35},
 number = {4},
 pages = {917-926}
}

@article{byrnesBarnett,
 author = {Byrnes, T. and Barnett, T},
 title = {{Generalized framework for applying the Kelly criterion to stock markets}},
 journal = {International Journal of Theoretical and Applied Finance},
 year = {2018},
 volume = {21},
 number = {5}
}

@misc{lifeTables,
 author = {United States Social Security Administration},
 title = {{Actuarial Life Table}},
 howpublished = "\url{https://www.ssa.gov/oact/STATS/table4c6.html}",
 year = {2023},
 note = "[Online; accessed 15 May 2023]"
}

